<record><leader>00000cas a22000007  4500</leader><controlfield tag="001">4394987</controlfield><controlfield tag="008">781122d19641979vaumn n       0   a0eng d</controlfield><datafield ind1=" " ind2=" " tag="010"><subfield code="a">sn 78002217 </subfield></datafield><datafield ind1=" " ind2=" " tag="040"><subfield code="a">NSD</subfield><subfield code="b">eng</subfield><subfield code="c">NSD</subfield><subfield code="d">NST</subfield><subfield code="d">NVK</subfield><subfield code="d">OCLCQ</subfield><subfield code="d">OCLCF</subfield><subfield code="d">OCLCO</subfield></datafield><datafield ind1=" " ind2=" " tag="012"><subfield code="i">8910</subfield><subfield code="l">1</subfield></datafield><datafield ind1="1" ind2=" " tag="022"><subfield code="a">0163-4933</subfield><subfield code="l">0163-4933</subfield><subfield code="2">1</subfield></datafield><datafield ind1="1" ind2=" " tag="029"><subfield code="a">AU@</subfield><subfield code="b">000025823865</subfield></datafield><datafield ind1=" " ind2=" " tag="037"><subfield code="b">The Publick Observer, P.O. Box 419, Williamsburg, VA 23185</subfield></datafield><datafield ind1=" " ind2=" " tag="042"><subfield code="a">nsdp</subfield></datafield><datafield ind1=" " ind2="4" tag="050"><subfield code="a">F234.W7</subfield><subfield code="b">P82</subfield></datafield><datafield ind1=" " ind2="4" tag="222"><subfield code="a">The Publick observer</subfield></datafield><datafield ind1="0" ind2="4" tag="245"><subfield code="a">The Publick observer.</subfield></datafield><datafield ind1=" " ind2=" " tag="260"><subfield code="a">Williamsburg,</subfield><subfield code="b">Virginia Gazette Inc.</subfield></datafield><datafield ind1=" " ind2=" " tag="300"><subfield code="a">v.</subfield><subfield code="b">ill.</subfield><subfield code="c">27 cm.</subfield></datafield><datafield ind1=" " ind2=" " tag="310"><subfield code="a">Monthly (Mar.-Dec.)</subfield></datafield><datafield ind1=" " ind2="0" tag="651"><subfield code="a">Williamsburg (Va.)</subfield><subfield code="v">Newspapers.</subfield></datafield><datafield ind1=" " ind2="7" tag="655"><subfield code="a">Newspapers.</subfield><subfield code="2">fast</subfield><subfield code="0">(OCoLC)fst01423814</subfield></datafield><datafield ind1=" " ind2="7" tag="651"><subfield code="a">Virginia</subfield><subfield code="z">Williamsburg.</subfield><subfield code="2">fast</subfield><subfield code="0">(OCoLC)fst01205036</subfield></datafield><datafield ind1=" " ind2=" " tag="752"><subfield code="a">United States</subfield><subfield code="b">Virginia</subfield><subfield code="d">Williamsburg.</subfield></datafield><datafield ind1="0" ind2=" " tag="772"><subfield code="t">Virginia gazette (Williamsburg, Va. : 1930)</subfield><subfield code="w">(DLC)sn 78001797</subfield></datafield><datafield ind1=" " ind2=" " tag="850"><subfield code="a">ViW</subfield></datafield><datafield ind1=" " ind2=" " tag="936"><subfield code="a">Nov. 1978</subfield></datafield></record>